@misc{
    tb3_specifications,
    title = {{Turtlebot3 Features}},
    note = {Letzter Zugriff: 30. Juli 2025},
    howpublished = {\url{https://emanual.robotis.com/docs/en/platform/turtlebot3/features/#features}},
    author = {{Robotis}},
    year = {2025},
}


@misc{
    tb3_overview,
    title = {{Turtlebot3 Overview}},
    note = {Letzter Zugriff: 30. Juli 2025},
    howpublished = {\url{https://emanual.robotis.com/docs/en/platform/turtlebot3/overview/#overview}},
    author = {{Robotis}},
    year = {2025},
}

@misc{
    tb3_home,
    title = {{Turtlebot3}},
    note = {Letzter Zugriff: 31. Juli 2025},
    howpublished = {\url{https://www.turtlebot.com/turtlebot3/}},
    author = {{Open Source Robotics Foundation Inc.}},
    year = {2025},
}

@misc{
    ros2_documentation,
    title = {{ROS 2 Documentation}},
    note = {Letzter Zugriff: 01. August 2025},
    howpublished = {\url{https://docs.ros.org/en/humble/index.html/}},
    author = {{Open Robotics}},
    year = {2025},
}

@misc{
    ros2_nodes,
    title = {{ROS 2 Documentation - Nodes}},
    note = {Letzter Zugriff: 02. August 2025},
    howpublished = {\url{https://docs.ros.org/en/humble/Concepts/Basic/About-Nodes.html}},
    author = {{Open Robotics}},
    year = {2025},
}

@misc{
    ros2_topics,
    title = {{ROS 2 Documentation - Topics}},
    note = {Letzter Zugriff: 02. August 2025},
    howpublished = {\url{https://docs.ros.org/en/humble/Concepts/Basic/About-Topics.html}},
    author = {{Open Robotics}},
    year = {2025},
}

@misc{
    pi_camera,
    title = {{Camera - Hardware Specification}},
    note = {Letzter Zugriff: 03. August 2025},
    howpublished = {\url{https://www.raspberrypi.com/documentation/accessories/camera.html#hardware-specification}},
    author = {{Raspberry Pi documentation}},
    year = {2025},
}

@misc{
    tb3_quickstart,
    title = {{Turtlebot3 - Quick Start Guide}},
    note = {Letzter Zugriff: 02. August 2025},
    howpublished = {\url{https://emanual.robotis.com/docs/en/platform/turtlebot3/quick-start}},
    author = {{Open Source Robotics Foundation Inc.}},
    year = {2025},
}

@misc{
    yolo_docu,
    title = {{Ultralytics YOLO Docs}},
    note = {Letzter Zugriff: 03. August 2025},
    howpublished = {\url{https://docs.ultralytics.com}},
    author = {{Ultralytics Inc.}},
    year = {2025},
}

@misc{
    labelstudio,
    title = {{LabelStudio}},
    note = {Letzter Zugriff: 03. August 2025},
    howpublished = {\url{https://labelstud.io}},
    author = {{HumanSignal Inc.}},
    year = {2025},
}

@misc{
    yolo_data_docu,
    title = {{Ultralytics YOLO Docs - Data Collection and Annotation}},
    note = {Letzter Zugriff: 03. August 2025},
    howpublished = {\url{https://docs.ultralytics.com/guides/data-collection-and-annotation}},
    author = {{Ultralytics Inc.}},
    year = {2025},
}

@misc{
    yolo_pre_docu,
    title = {{Ultralytics YOLO Docs - Data Preprocessing Techniques}},
    note = {Letzter Zugriff: 03. August 2025},
    howpublished = {\url{https://docs.ultralytics.com/guides/preprocessing_annotated_data/}},
    author = {{Ultralytics Inc.}},
    year = {2025},
}

@misc{
    yolo_format_docu,
    title = {{YOLO PyTorch TXT}},
    note = {Letzter Zugriff: 03. August 2025},
    howpublished = {\url{https://roboflow.com/formats/yolo}},
    author = {{Roboflow Inc.}},
    year = {2025},
}

@misc{
    yolo_obb,
    title = {{YOLO OBB}},
    note = {Letzter Zugriff: 05. August 2025},
    howpublished = {\url{https://docs.ultralytics.com/tasks/obb/}},
    author = {{Ultralytics Inc.}},
    year = {2025},
}

@misc{
    yolo_metrics,
    title = {{YOLO Performance Metrics}},
    note = {Letzter Zugriff: 05. August 2025},
    howpublished = {\url{https://docs.ultralytics.com/guides/yolo-performance-metrics}},
    author = {{Ultralytics Inc.}},
    year = {2025},
}

#steht in der ROS Doku sollten wir uns vielleicht mal ansehen
@article{doi:10.1126/scirobotics.abm6074,
    author = {Steven Macenski and Tully Foote and Brian Gerkey and Chris Lalancette and William Woodall},
    title = {Robot Operating System 2: Design, architecture, and uses in the wild},
    journal = {Science Robotics},
    volume = {7},
    number = {66},
    pages = {eabm6074},
    year = {2022},
    doi = {10.1126/scirobotics.abm6074},
    URL = {https://www.science.org/doi/abs/10.1126/scirobotics.abm6074}
}